@article{uddin_intercontact_2013,
	title = {Intercontact Routing for Energy Constrained Disaster Response Networks},
	volume = {12},
	doi = {10.1109/TMC.2012.172},
	pages = {1986--1998},
	number = {10},
	journaltitle = {{IEEE} Transactions on Mobile Computing},
	author = {Uddin, Md Yusuf Sarwar and Ahmadi, Hossein and Abdelzaher, Tarek and Kravets, Robin},
	date = {2013},
	file = {Uddin_2012_TMC_Intercontact routing.pdf:/home/felipe/.mozilla/firefox/9hwcbuk8.default/zotero/storage/QAPM42JA/Uddin_2012_TMC_Intercontact routing.pdf:application/pdf}
}




@online{matplotib_matplotlib:_????,
	title = {matplotlib: python plotting — Matplotlib 1.5.0 documentation},
	url = {http://matplotlib.org/},
	author = {{matplotib}},
	urldate = {2016},
	file = {matplotlib\: python plotting — Matplotlib 1.5.0 documentation:/home/felipe/.mozilla/firefox/9hwcbuk8.default/zotero/storage/D6SIA7QH/matplotlib.org.html:text/html},
  year = 2015
}

@online{oracle_java.com:_????,
	title = {java.com: Java y Tú},
	url = {https://www.java.com/es/},
	author = {{ORACLE}},
	urldate = {2016},
	file = {java.com\: Java y Tú:/home/felipe/.mozilla/firefox/9hwcbuk8.default/zotero/storage/MRXP6NDB/es.html:text/html},
  year = 2015
}

@report{amin_vahdat_epidemic_2000,
	title = {Epidemic Routing for Partially Connected Ad Hoc Networks},
	author = {{Amin Vahdat} and {David Becker}},
	date = {2000},
  institution = {Department of Computer Science, Duke University},
	file = {epidemic.pdf:/home/felipe/.mozilla/firefox/9hwcbuk8.default/zotero/storage/5K6KCFTE/epidemic.pdf:application/pdf}
}


@incollection{ozcan_post_2011,
	location = {Berlin, Heidelberg},
	title = {Post Disaster Management Using Delay Tolerant Network},
	volume = {162},
	isbn = {978-3-642-21936-8 978-3-642-21937-5},
	pages = {170--184},
	booktitle = {Recent Trends in Wireless and Mobile Networks},
	publisher = {Springer Berlin Heidelberg},
	author = {Saha, Sujoy and {Sushovan} and Sheldekar, Anirudh and Joseph C., Rijo and Mukherjee, Amartya and Nandi, Subrata},
	editor = {Özcan, Abdulkadir and Zizka, Jan and Nagamalai, Dhinaharan},
	date = {2011},
	file = {Saha_2011_WiMoCoNeCo.pdf:/home/felipe/.mozilla/firefox/9hwcbuk8.default/zotero/storage/7VTN7NUD/Saha_2011_WiMoCoNeCo.pdf:application/pdf}
}

@article{chen_modeling_2015,
	title = {Modeling and Improving the Energy Performance of {GPS} Receivers for Mobile Applications},
	author = {Chen, Kongyang and Tan, Guang},
	date = {2015},
	file = {1503.02656v2.pdf:/home/felipe/.mozilla/firefox/9hwcbuk8.default/zotero/storage/4F5XJDQ3/1503.02656v2.pdf:application/pdf}
}

@collection{international_conference_on_local_computer_networks_proceedings_2004,
	location = {Los Alamitos, Calif.},
	title = {Proceedings / 29th Annual {IEEE} Conference on Local Computer Networks, 2004: held in conjunction with the Workshop on Embedded Network Sensors, Workshop on High-Speed Local Networks, Workshop on Wireless Local Networks; Tampa, Florida, U.S.A., November 16 - 18, 2004},
	isbn = {978-0-7695-2260-9},
	shorttitle = {Proceedings / 29th Annual {IEEE} Conference on Local Computer Networks, 2004},
	pagetotal = {781},
	publisher = {{IEEE} Computer Society},
	editor = {{International Conference on Local Computer Networks} and Jha, Sanjay and {Workshop on Embedded Network Sensors} and {Workshop on High Speed Local Networks} and {Workshop on Wireless Local Networks} and {Computer Society}},
	date = {2004},
	keywords = {Kongress, Lokales Netz},
	file = {Table of Contents PDF:/home/felipe/.mozilla/firefox/9hwcbuk8.default/zotero/storage/SB7C2SK8/International Conference on Local Computer Networks et al. - 2004 - Proceedings  29th Annual IEEE Conference on Local.pdf:application/pdf}
}

@book{wohlin_experimentation_2012,
	location = {Berlin, Heidelberg},
	title = {Experimentation in Software Engineering},
	isbn = {978-3-642-29043-5 978-3-642-29044-2},
	publisher = {Springer Berlin Heidelberg},
	author = {Wohlin, Claes and Runeson, Per and Höst, Martin and Ohlsson, Magnus C. and Regnell, Björn and Wesslén, Anders},
	date = {2012},
	langid = {english}
}

@online{civilgeeks_sistema_2011,
	title = {{SISTEMA} {DE} {ALERTA} {SISMICA} {POR} {MEDIO} {DE} {TELEFONOS} {MOVILES} {\textbar} {CivilGeeks}.com},
	url = {http://civilgeeks.com/2011/08/26/sistema-de-alerta-sismica-por-medio-de-telefonos-moviles/},
	author = {{CivilGeeks}},
	urldate = {2016},
	date = {2011},
	file = {SISTEMA DE ALERTA SISMICA POR MEDIO DE TELEFONOS MOVILES | CivilGeeks.com:/home/felipe/.mozilla/firefox/9hwcbuk8.default/zotero/storage/XXTUI9WM/sistema-de-alerta-sismica-por-medio-de-telefonos-moviles.html:text/html},
  year = 2011
}

@online{erika_yamasaki_what_2012,
	title = {What We Can Learn From Japan's Early Earthquake Warning System},
	author = {Erika Yamasaki},
	date = {2012},
	urldate = {2016},
  url = {http://repository.upenn.edu/cgi/viewcontent.cgi?article=1022\&context=momentum}
}

@inproceedings{miyakawa_hybrid_2015,
	location = {Gwangiu},
	title = {A Hybrid Type {DTN} Routing Method Using Delivery Predictability and Maximum Number of Replication},
	isbn = {978-1-4799-1775-4},
	doi = {10.1109/WAINA.2015.30},
	eventtitle = {2015 {IEEE} 29th International Conference on Advanced Information Networking and Applications Workshops},
	pages = {451--456},
	publisher = {{IEEE}},
	author = {Miyakawa, Tomoaki and Koyama, Akio},
	date = {2015},
	file = {miyakawa2015.pdf:/home/felipe/.mozilla/firefox/9hwcbuk8.default/zotero/storage/JHX4WUAD/miyakawa2015.pdf:application/pdf}
}


@inproceedings{ekman_working_2008,
  author    = {Frans Ekman and
               Ari Ker{\"{a}}nen and
               Jouni Karvo and
               J{\"{o}}rg Ott},
  title     = {Working day movement model},
  booktitle = {Proceedings of the 1st {ACM} {SIGMOBILE} workshop on Mobility Models,
               MobilityModels 2008, Hong Kong, China, May 26, 2008},
  pages     = {33--40},
  year      = {2008},
  crossref  = {DBLP:conf/mobihoc/2008mm},
  url       = {http://doi.acm.org/10.1145/1374688.1374695},
  doi       = {10.1145/1374688.1374695},
  timestamp = {Mon, 25 Aug 2008 10:59:35 +0200},
  biburl    = {http://dblp.uni-trier.de/rec/bib/conf/mobihoc/EkmanKKO08},
  bibsource = {dblp computer science bibliography, http://dblp.org}
}




@online{moolenaar_welcome_????,
	title = {welcome home : vim online},
	url = {http://www.vim.org/},
	author = {Moolenaar, Bram},
	urldate = {2016},
	file = {welcome home \: vim online:/home/felipe/.mozilla/firefox/9hwcbuk8.default/zotero/storage/289KXWVU/www.vim.org.html:text/html},
  year = 2015
}

@article{burleigh_delay-tolerant_2003,
	title = {Delay-tolerant networking: an approach to interplanetary Internet},
	volume = {41},
	doi = {10.1109/MCOM.2003.1204759},
	shorttitle = {Delay-tolerant networking},
	pages = {128--136},
	number = {6},
	journaltitle = {{IEEE} Communications Magazine},
	author = {Burleigh, S. and Hooke, A. and Torgerson, L. and Fall, K. and Cerf, V. and Durst, B. and Scott, K. and Weiss, H.},
	date = {2003},
	langid = {english}
}

@article{mayer_routing_2014,
	title = {Routing in hybrid Delay Tolerant Networks},
	volume = {48},
	doi = {10.1016/j.comcom.2014.03.018},
	pages = {44--55},
	journaltitle = {Computer Communications},
	author = {Mayer, Christoph P. and Waldhorst, Oliver P.},
	date = {2014},
	langid = {english},
	file = {mayer2014.pdf:/home/felipe/.mozilla/firefox/9hwcbuk8.default/zotero/storage/WEUEBHZA/mayer2014.pdf:application/pdf}
}

@collection{ozcan_recent_2011,
	location = {Heidelberg ; New York},
	title = {Recent trends in wireless and mobile networks: third international
    conference, Wireless \& Mobile Network 2011 and Computer Networks \& Communications 2011, Ankara, Turkey, June 26-28, 2011 proceedings},
	isbn = {978-3-642-21936-8},
	series = {Communications in computer and information science},
	shorttitle = {Recent trends in wireless and mobile networks},
	pagetotal = {430},
	number = {162},
	publisher = {Springer},
	editor = {Özcan, Abdülkadir and Žižka, Jan and Nagamalai, Dhinaharan},
	date = {2011},
	keywords = {Mobile computing, Ubiquitous computing, Wireless communication systems}
}

@online{lamport_latex_????,
	title = {{LaTeX} - A document preparation system},
	url = {https://www.latex-project.org/},
	author = {Lamport, Leslie},
	urldate = {2016},
	file = {LaTeX – A document preparation system:/home/felipe/.mozilla/firefox/9hwcbuk8.default/zotero/storage/BV2JGTRS/www.latex-project.org.html:text/html},
  year = 2016
}

@article{lindgren_probabilistic_2003,
	title = {Probabilistic routing in intermittently connected networks},
	volume = {7},
	doi = {10.1145/961268.961272},
	pages = {19},
	number = {3},
	journaltitle = {{ACM} Special Interest Group on Mobility of Systems, Users,
    Data, and Computing, Mobile Computing and Communications Review},
	author = {Lindgren, Anders and Doria, Avri and Schelén, Olov},
	langid = {english},
	file = {prophet.pdf:/home/felipe/.mozilla/firefox/9hwcbuk8.default/zotero/storage/2KXPR34S/prophet.pdf:application/pdf}
}

@online{cooperativa_cantidad_2011,
	title = {Cantidad de llamadas tras el terremoto triplicaron las conexiones de Año Nuevo - Cooperativa.cl},
	url = {http://www.cooperativa.cl/cantidad-de-llamadas-tras-el-terremoto-triplicaron-las-conexiones-de-ano-nuevo/prontus_nots/2011-02-24/131657.html},
	titleaddon = {Cantidad de llamadas tras el terremoto triplicaron las conexiones de Año Nuevo},
	author = {{Cooperativa}},
	urldate = {2016},
	date = {2011},
	file = {Cantidad de llamadas tras el terremoto triplicaron las conexiones de Año Nuevo - Cooperativa.cl:/home/felipe/.mozilla/firefox/9hwcbuk8.default/zotero/storage/DBA4A86H/131657.html:text/html},
  year = 2015
}

@online{subtel_onemi_2014,
	title = {{ONEMI} y {SUBTEL} presentan Sistema de Alerta de Emergencia para celulares ({SAE}) - Subsecretaría de Telecomunicaciones de Chile},
	url = {http://www.subtel.gob.cl/onemi-y-subtel-presentan-sistema-de-alerta-de-emergencia-para-celulares-sae/},
	author = {{SUBTEL}},
	urldate = {2016},
	date = {2014},
	file = {ONEMI y SUBTEL presentan Sistema de Alerta de Emergencia para celulares (SAE) - Subsecretaría de Telecomunicaciones de Chile:/home/felipe/.mozilla/firefox/9hwcbuk8.default/zotero/storage/RINMQNVZ/onemi-y-subtel-presentan-sistema-de-alerta-de-emergencia-para-celulares-sae.html:text/html},
  year = 2014,
}

@online{nasa/jpl_news_2008,
	title = {News {\textbar} {NASA} Tests First Deep-Space Internet},
	url = {http://www.jpl.nasa.gov/news/news.php?release=2008-216},
	author = {{NASA/JPL}},
	urldate = {2016},
	date = {2008},
	file = {News | NASA Tests First Deep-Space Internet:/home/felipe/.mozilla/firefox/9hwcbuk8.default/zotero/storage/PX3DXZPN/news.html:text/html},
  year = 2008
}

@online{krygel_blog_????,
	title = {Blog - {InSTEDD} {iLab} América Latina: Los esfuerzos de la comunidad internacional por desarrollar sistemas eficientes de alerta temprana ante desastres naturales},
	url = {http://blog.ilabamericalatina.org/2011/05/los-esfuerzos-de-la-comunidad.html},
	author = {Krygel, Boris},
	urldate = {2016},
	file = {Blog - InSTEDD iLab América Latina\: Los esfuerzos de la comunidad internacional por desarrollar sistemas eficientes de alerta temprana ante desastres naturales:/home/felipe/.mozilla/firefox/9hwcbuk8.default/zotero/storage/T7KH6NX8/los-esfuerzos-de-la-comunidad.html:text/html},
  year = 2016
}

@article{aschenbruck_modeling_2009,
	title = {Modeling mobility in disaster area scenarios},
	volume = {66},
	doi = {10.1016/j.peva.2009.07.009},
	pages = {773--790},
	number = {12},
	journaltitle = {Performance Evaluation},
	author = {Aschenbruck, Nils and Gerhards-Padilla, Elmar and Martini, Peter},
	date = {2009},
	langid = {english},
	file = {Aschenbruck2007_DA-Model.pdf:/home/felipe/.mozilla/firefox/9hwcbuk8.default/zotero/storage/SCJPEBAF/Aschenbruck2007_DA-Model.pdf:application/pdf}
}

@misc{zolezzi_calendario_2015,
	title = {{CALENDARIO} {DE} {ACTIVIDADES} {ACADÉMICAS} {PARA} {EL} {AÑO} 2016},
	author = {Zolezzi, Juan},
	date = {2015}
}

@inproceedings{spyropoulos_spray_2007,
  author    = {Thrasyvoulos Spyropoulos and
               Konstantinos Psounis and
               Cauligi S. Raghavendra},
  title     = {Spray and Focus: Efficient Mobility-Assisted Routing for Heterogeneous
               and Correlated Mobility},
  booktitle = {Fifth Annual {IEEE} International Conference on Pervasive Computing
               and Communications - Workshops (PerCom Workshops 2007), 19-23 March
               2007, White Plains, New York, {USA}},
  pages     = {79--85},
  year      = {2007},
  crossref  = {DBLP:conf/percom/2007w},
  doi       = {10.1109/PERCOMW.2007.108},
  timestamp = {Fri, 27 Nov 2015 10:04:14 +0100},
  biburl    = {http://dblp.uni-trier.de/rec/bib/conf/percom/SpyropoulosPR07},
  bibsource = {dblp computer science bibliography, http://dblp.org}
}



@inproceedings{keranen_one_2009,
	title = {The {ONE} simulator for {DTN} protocol evaluation},
	doi = {10.4108/ICST.SIMUTOOLS2009.5674},
	publisher = {Institute for Computer Sciences, Social-Informatics and Telecommunications Engineering},
	author = {Keränen, Ari and Ott, Jörg and Kärkkäinen, Teemu},
	date = {2009},
	langid = {english}
}


@inproceedings{uddin_post-disaster_2009,
  author    = {Md. Yusuf Sarwar Uddin and
               David Nicol and
               Tarek F. Abdelzaher and
               Robin Kravets},
  title     = {A Post-disaster Mobility Model for Delay Tolerant Networking},
  booktitle = {Proceedings of the 2009 Winter Simulation Conference, {WSC} 2009,
               Hilton Austin Hotel, Austin, TX, USA, December 13-16, 2009},
  pages     = {2785--2796},
  year      = {2009},
  crossref  = {DBLP:conf/wsc/2009},
  doi       = {10.1109/WSC.2009.5429249},
  timestamp = {Thu, 04 Aug 2016 16:18:58 +0200},
  bibsource = {dblp computer science bibliography, http://dblp.org}
}



@inproceedings{ito_novel_2013,
	location = {Atlanta, {GA}},
	title = {A novel routing method for improving message delivery delay in hybrid {DTN}-{MANET} networks},
	doi = {10.1109/GLOCOM.2013.6831050},
	eventtitle = {Global Communications Conference, 2013 {IEEE}},
	pages = {72--77},
	publisher = {{IEEE}},
	author = {Ito, Masaya and Nishiyama, Hiroki and Kato, Nei},
	date = {2013},
	file = {mayer2014.pdf:/home/felipe/.mozilla/firefox/9hwcbuk8.default/zotero/storage/CGMK7FMK/mayer2014.pdf:application/pdf}
}

@article{uddin_intercontact_2013-1,
	title = {Intercontact Routing for Energy Constrained Disaster Response Networks},
	volume = {12},
	doi = {10.1109/TMC.2012.172},
	pages = {1986--1998},
	number = {10},
	journaltitle = {{IEEE} Transactions on Mobile Computing},
	author = {Uddin, Md Yusuf Sarwar and Ahmadi, Hossein and Abdelzaher, Tarek and Kravets, Robin},
	date = {2013},
	file = {Uddin_2012_TMC_Intercontact routing.pdf:/home/felipe/.mozilla/firefox/9hwcbuk8.default/zotero/storage/A7VS6C6C/Uddin_2012_TMC_Intercontact routing.pdf:application/pdf}
}

@article{uddin_intercontact_2013-2,
	title = {Intercontact Routing for Energy Constrained Disaster Response Networks},
	volume = {12},
	doi = {10.1109/TMC.2012.172},
	pages = {1986--1998},
	number = {10},
	journaltitle = {{IEEE} Transactions on Mobile Computing},
	author = {Uddin, Md Yusuf Sarwar and Ahmadi, Hossein and Abdelzaher, Tarek and Kravets, Robin},
	date = {2013},
	file = {Uddin_2012_TMC_Intercontact routing.pdf:/home/felipe/.mozilla/firefox/9hwcbuk8.default/zotero/storage/NU6E3BHB/Uddin_2012_TMC_Intercontact routing.pdf:application/pdf}
}

@book{hernandez_sampieri_metodologiinvestigacion_2010,
	location = {México, D.F},
	edition = {5a ed},
	title = {Metodología de la investigación},
	isbn = {978-607-15-0291-9},
	pagetotal = {613},
	publisher = {{McGraw}-Hill},
	author = {Hernández Sampieri, Roberto and Fernández Collado, Carlos and Baptista Lucio, Pilar},
	date = {2010}
}

@article{martin-campillo_evaluating_2013,
	title = {Evaluating opportunistic networks in disaster scenarios},
	volume = {36},
	doi = {10.1016/j.jnca.2012.11.001},
	pages = {870--880},
	number = {2},
	journaltitle = {Journal of Network and Computer Applications},
	author = {Martin-Campillo, Abraham and Crowcroft, Jon and Yoneki, Eiko and Marti, Ramon},
	date = {2013},
	langid = {english},
	file = {Martín-Campillo.Crowcroft.Yoneki.Ea-JoNaCA-eonids-2013.pdf:/home/felipe/.mozilla/firefox/9hwcbuk8.default/zotero/storage/HTSRBGNX/Martín-Campillo.Crowcroft.Yoneki.Ea-JoNaCA-eonids-2013.pdf:application/pdf}
}

@inproceedings{fall_delay-tolerant_2003,
  author    = {Kevin R. Fall},
  title     = {A delay-tolerant network architecture for challenged internets},
  booktitle = {Proceedings of the {ACM} {SIGCOMM} 2003 Conference on Applications,
               Technologies, Architectures, and Protocols for Computer Communication,
               August 25-29, 2003, Karlsruhe, Germany},
  pages     = {27--34},
  year      = {2003},
  crossref  = {DBLP:conf/sigcomm/2003},
  doi       = {10.1145/863955.863960},
  timestamp = {Tue, 26 Jan 2016 10:12:59 +0100},
  biburl    = {http://dblp.uni-trier.de/rec/bib/conf/sigcomm/Fall03},
  bibsource = {dblp computer science bibliography, http://dblp.org}
}



@online{subtel_reporte_2015,
	title = {{REPORTE} {TELECOMUNICACIONES} {EN} {REGIONES} {AFECTADAS} {EMITIDO} {POR} {EL} {MINISTERIO} {DEL} {INTERIOR} - Subsecretaría de Telecomunicaciones de Chile},
	url = {http://www.subtel.gob.cl/reporte-telecomunicaciones-en-regiones-afectadas-emitido-por-el-ministerio-del-interior/},
	author = {{SUBTEL}},
	urldate = {2016},
	date = {2015},
  year = 2015
}

@online{satnews_satnews_????,
	title = {Satnews Publishers: Daily Satellite News},
	url = {http://www.satnews.com/story.php?number=2048798325},
	author = {{satnews}},
	urldate = {2016},
  year = 2016
}

@inproceedings{sok_prophet_2014,
	location = {New York, {NY}},
	title = {{PRoPHET} routing based on distance mechanism in disruption-tolerant network},
	doi = {10.1145/2557977.2558024},
	eventtitle = {Proceedings of the 8th International Conference on Ubiquitous Information Management and Communication},
	pages = {1--6},
	publisher = {{ACM} Press},
	author = {Sok, Phearin and Kim, Keecheon},
	date = {2014},
	langid = {english}
}

@online{gobierno_de_chile_sistema_????,
	title = {Sistema de Alerta de Energencias},
	url = {http://www.sae.gob.cl/},
	titleaddon = {¿Qué es el {SAE}?},
	author = {{Gobierno de Chile}},
	date = {2015},
	urldate = {2016},
  year = 2015
}

@article{martin-campillo_energy-efficient_2012,
	title = {Energy-efficient forwarding mechanism for wireless opportunistic networks in emergency scenarios},
	volume = {35},
	doi = {10.1016/j.comcom.2012.04.028},
	pages = {1715--1724},
	number = {14},
	journaltitle = {Computer Communications},
	author = {Martin-Campillo, Abraham and Marti, Ramon},
	date = {2012},
	langid = {english}
}

@inproceedings{pham_thi_ngoc_diep_detecting_2015,
	location = {Las Vegas, {NV}},
	title = {Detecting colluding blackhole and greyhole attack in Delay Tolerant Networks},
	doi = {10.1109/CCNC.2015.7157982},
	eventtitle = {Consumer Communications and Networking Conference, 2015 12th Annual {IEEE}},
	pages = {233--238},
	publisher = {{IEEE}},
	author = {{Pham Thi Ngoc Diep} and {Chai Kiat Yeo}},
	date = {2015},
	file = {07157982.pdf:/home/felipe/.mozilla/firefox/9hwcbuk8.default/zotero/storage/99S6I9N5/07157982.pdf:application/pdf}
}

@inproceedings{spyropoulos_spray_2005,
	title = {Spray and wait: an efficient routing scheme for intermittently connected mobile networks},
	doi = {10.1145/1080139.1080143},
	shorttitle = {Spray and wait},
	booktitle = {Proceedings of the 2005 {ACM} Special Interest Group on Data Communication workshop on Delay-tolerant networking on Delay-tolerant networking},
	pages = {252--259},
	publisher = {{ACM} Press},
	author = {Spyropoulos, Thrasyvoulos and Psounis, Konstantinos and Raghavendra, Cauligi S.},
	date = {2005},
	langid = {english}
}



@book{ble_jurado_diseno_2010,
	location = {Raleigh, North Carolina},
	title = {Diseño Ágil con {TDD}},
	isbn = {978-1-4452-6471-4},
	abstract = {"{TDD} es una técnica de desarrollo que se lleva aplicando durante años con gran éxito en lugares como {EEUU} y Reino Unido, sin embargo, la ausencia de información en español sobre la misma ha supuesto un freno para su difusión en los países hispano-parlantes... Diseño Ágil con {TDD} nos enseñará a: Escribir tests que aumenten la fiabilidad del código. Escribir tests de aceptación que nos ayudarán a centrarnos, específicamente, en el problema a resolver. Mejorar nuestros diseños para hacerlos más simples y flexibles. Escribir código fácil de mantener. Con {TDD}, los test son documentación viva y actualizada de nuestro código, la mejor documentación posible. Encajar {TDD} dentro del paradigma ágil y relacionarlo con otras técnicas como la integración continua" -- Contracubierta.},
	author = {Blé Jurado, Carlos and Gutiérrez Plaza, Juan and Reyes Perdomo, Fran and Mena, Gregorio},
	date = {2010}
}

@online{_calendario_????,
	title = {Calendario Académico 2016 {\textbar} Universidad de Santiago de Chile},
	url = {http://portal.usach.cl/calendario-academico-2016},
	urldate = {2016},
  year = 2016
}


@inproceedings{krug_movement_2014,
  author    = {Silvia Krug and
               Matias Federico Siracusa and
               Sebastian Schellenberg and
               Peggy Begerow and
               Jochen Seitz and
               Thomas Finke and
               Juergen Schroeder},
  title     = {Movement patterns for mobile networks in disaster scenarios},
  booktitle = {Proceeding of {IEEE} International Symposium on a World of Wireless,
               Mobile and Multimedia Networks, WoWMoM 2014, Sydney, Australia, June
               19, 2014},
  pages     = {1--6},
  year      = {2014},
  crossref  = {DBLP:conf/wowmom/2014},
  doi       = {10.1109/WoWMoM.2014.6918914},
  timestamp = {Mon, 02 Feb 2015 17:46:43 +0100},
  biburl    = {http://dblp.uni-trier.de/rec/bib/conf/wowmom/KrugSSBSFS14},
  bibsource = {dblp computer science bibliography, http://dblp.org}
}



@inproceedings{burgess_maxprop:_2006,
  author    = {John Burgess and
               Brian Gallagher and
               David D. Jensen and
               Brian Neil Levine},
  title     = {MaxProp: Routing for Vehicle-Based Disruption-Tolerant Networks},
  booktitle = {Proceedings of the {INFOCOM} 2006. 25th {IEEE} International Conference on Computer Communications,
               Joint Conference of the {IEEE} Computer and Communications Societies,
               23-29 April 2006, Barcelona, Catalunya, Spain},
  year      = {2006},
  crossref  = {DBLP:conf/infocom/2006},
  doi       = {10.1109/INFOCOM.2006.228},
  timestamp = {Thu, 11 Aug 2016 08:33:29 +0200},
  biburl    = {http://dblp.uni-trier.de/rec/bib/conf/infocom/BurgessGJL06},
  bibsource = {dblp computer science bibliography, http://dblp.org}
}



@book{kim_acm_2014,
	title = {{ACM} {ICUIMC} 2014: January 9-11, Siem Reap, Cambodia : proceedings},
	author = {Kim, Dongsoo S and Kim, Sang-Wook and Lee, Suk-Han and Hanzó, Lajos and Ismail, Roslan and {Association for Computing Machinery} and {Sungkyunkwan University} and {Universiti Kuala Lumpur} and {SIGAPP}},
	date = {2014}
}


@online{python_welcome_????,
	title = {Welcome to Python.org},
	url = {https://www.python.org/},
	author = {{Python}},
	urldate = {2016},
  year = 2015
}

@inproceedings{aschenbruck_human_2004,
	title = {Human mobility in {MANET} disaster area simulation - a realistic approach},
	doi = {10.1109/LCN.2004.64},
	eventtitle = {Local Computer Networks, 2004. 29th Annual {IEEE} International Conference},
	pages = {668--675},
	publisher = {{IEEE} (Comput. Soc.)},
	author = {Aschenbruck, N. and Frank, M. and Martini, P. and Tolle, J.},
	date = {2004}
}


@inproceedings{paper_evaluacion_nosotros, 
  author    = {Erika Rosas and
               Felipe Garay and
               Nicolas Hidalgo and
               Olivier Marin},
  title     = {Mobility-aware {DTN} protocols for post-disaster scenarios},
  booktitle = {Proceedings of the 2nd International Conference on Information and Communication Technologies
               for Disaster Management, {ICT-DM} 2015, Rennes, France, November 30
               - December 2, 2015},
  pages     = {193--199},
  year      = {2015},
  crossref  = {DBLP:conf/ict-dm/2015},
  doi       = {10.1109/ICT-DM.2015.7402038},
  timestamp = {Fri, 03 Jun 2016 17:55:39 +0200},
  biburl    = {http://dblp.uni-trier.de/rec/bib/conf/ict-dm/RosasGHM15},
  bibsource = {dblp computer science bibliography, http://dblp.org}
}



@inproceedings{DBLP:conf/icpads/GarayRH15,
  author    = {Felipe Garay and
               Erika Rosas and
               Nicolas Hidalgo},
  title     = {Reliable Routing Protocol for Delay Tolerant Networks},
  booktitle = {Proceedings of the 21st {IEEE} International Conference on Parallel and Distributed Systems,
               {ICPADS} 2015, Melbourne, Australia, December 14-17, 2015},
  pages     = {320--327},
  year      = {2015},
  crossref  = {DBLP:conf/icpads/2015},
  doi       = {10.1109/ICPADS.2015.48},
  timestamp = {Fri, 27 May 2016 08:40:47 +0200},
  biburl    = {http://dblp.uni-trier.de/rec/bib/conf/icpads/GarayRH15},
  bibsource = {dblp computer science bibliography, http://dblp.org}
}




@techreport{RFC4838,
  author = {V. Cerf and S. Burleigh and A. Hooke and L. Torgerson and R. Durst and K. Scott and K. Fall and H. Weiss},
  title = {Delay-Tolerant Networking Architecture},
  howpublished = {Internet Requests for Comments},
  type = {RFC},
  number = {4838},
  year = {2007},
  issn = {2070-1721},
  publisher = {RFC Editor},
  institution = {RFC Editor},
  note = {\url{http://www.rfc-editor.org/rfc/rfc4838.txt}},
}


@techreport{RFC5050,
  author = {K. Scott and S. Burleigh},
  title = {Bundle Protocol Specification},
  howpublished = {Internet Requests for Comments},
  type = {RFC},
  number = {5050},
  year = {2007},
  issn = {2070-1721},
  publisher = {RFC Editor},
  institution = {RFC Editor},
  note = {\url{http://www.rfc-editor.org/rfc/rfc5050.txt}},
}




@phdthesis{DBLP:phd/dnb/Mayer12a,
  author    = {Christoph P. Mayer},
  title     = {Hybrid routing in delay tolerant networks},
  school    = {Karlsruhe Institute of Technology},
  year      = {2012},
  isbn      = {978-3-86644-807-0},
  timestamp = {Thu, 14 Apr 2016 16:26:46 +0200},
  biburl    = {http://dblp.dagstuhl.de/rec/bib/phd/dnb/Mayer12a},
  bibsource = {dblp computer science bibliography, http://dblp.org}
}


@techreport{ad-hoc,
  author = {Wim Diepstraten and Greg Ennis},
  title = {DFWMAC - Distributed Foundation Wireless Medium Access Control},
  date = {1993},
  institution = {IEEE}
}



@techreport{space-time,
  author = {Shashidhar Merugu and Mostafa Ammar and Ellen Zegura},
  title = {Routing in Space and Time in Networks with Predictable Mobility},
  date = {2004},
  institution = {Georgia Institute of Technology},
}


@inproceedings{DBLP:conf/pervasive/HandoreanGR04,
  author    = {Radu Handorean and
               Christopher D. Gill and
               Gruia{-}Catalin Roman},
  title     = {Accommodating Transient Connectivity in Ad Hoc and Mobile Settings},
  booktitle = {Proceedings of the Second International Conference on Pervasive Computing,  
               2004, Vienna, Austria, April 21-23, 2004, Proceedings},
  pages     = {305--322},
  year      = {2004},
  crossref  = {DBLP:conf/pervasive/2004},
  doi       = {10.1007/978-3-540-24646-6_22},
  timestamp = {Wed, 06 Jul 2011 21:22:55 +0200},
  bibsource = {dblp computer science bibliography, http://dblp.org}
}



@inproceedings{DBLP:conf/sigcomm/JainFP04,
  author    = {Sushant Jain and
               Kevin R. Fall and
               Rabin K. Patra},
  title     = {Routing in a delay tolerant network},
  booktitle = {Proceedings of the {ACM} Special Interest Group on Data Communication 2004 Conference on Applications,
               Technologies, Architectures, and Protocols for Computer Communication,
               August 30 - September 3, 2004, Portland, Oregon, {USA}},
  pages     = {145--158},
  year      = {2004},
  crossref  = {DBLP:conf/sigcomm/2004},
  doi       = {10.1145/1015467.1015484},
  timestamp = {Tue, 26 Jan 2016 10:12:59 +0100},
  biburl    = {http://dblp.dagstuhl.de/rec/bib/conf/sigcomm/JainFP04},
  bibsource = {dblp computer science bibliography, http://dblp.org}
}


@inproceedings{DBLP:conf/simutools/AschenbruckEGS10,
  author    = {Nils Aschenbruck and
               Raphael Ernst and
               Elmar Gerhards{-}Padilla and
               Matthias Schwamborn},
  title     = {BonnMotion: a mobility scenario generation and analysis tool},
  booktitle = {Proceedings of the 3rd International Conference on Simulation Tools and Techniques, SIMUTools
               '10, Malaga, Spain - March 16 - 18, 2010},
  pages     = {51},
  year      = {2010},
  crossref  = {DBLP:conf/simutools/2010},
  doi       = {10.4108/ICST.SIMUTOOLS2010.8684},
  timestamp = {Thu, 05 Mar 2015 17:21:25 +0100},
  biburl    = {http://dblp.dagstuhl.de/rec/bib/conf/simutools/AschenbruckEGS10},
  bibsource = {dblp computer science bibliography, http://dblp.org}
}



@article{10.1371/journal.pone.0147299,
    author = {Wang, Qi AND Taylor, John E.},
    journal = {PLoS ONE},
    publisher = {Public Library of Science},
    title = {Patterns and Limitations of Urban Human Mobility Resilience under the Influence of Multiple Types of Natural Disaster},
    year = {2016},
    month = {01},
    volume = {11},
    pages = {1-14},
    number = {1},
}


@article{DBLP:journals/jnca/MartiRMC09,
  author    = {Ramon Martí and
               Sergi Robles and
               Abraham Martín{-}Campillo and
               Jordi Cucurull{-}Juan},
  title     = {Providing early resource allocation during emergencies: The mobile
               triage tag},
  journal   = {J. Network and Computer Applications},
  volume    = {32},
  number    = {6},
  pages     = {1167--1182},
  year      = {2009},
  doi       = {10.1016/j.jnca.2009.05.006},
  timestamp = {Fri, 21 May 2010 12:48:15 +0200},
  biburl    = {http://dblp.dagstuhl.de/rec/bib/journals/jnca/MartiRMC09},
  bibsource = {dblp computer science bibliography, http://dblp.org}
}


@article{Sidera2016,
  doi = {10.1016/j.adhoc.2016.01.006},
  year  = {2016},
  month = may,
  publisher = {Elsevier {BV}},
  volume = {42},
  pages = {47--60},
  author = {Anna Sidera and Stavros Toumpis},
  title = {Wireless mobile {DTN} routing with the extended minimum estimated expected delay protocol},
  journal = {Ad Hoc Networks}
}


@online{vl-dtn-simulator,
	title = {Very Large DTN Simulator},
	url = {http://pages.cs.aueb.gr/~toumpis/dtns.html},
	author = {Anna Sidera and Stavros Toumpis},
	urldate = {2016},
  year = 2016
}


@online{ns2,
	title = {NS2},
	url = {http://nsnam.sourceforge.net/wiki/index.php/Main_Page},
	author = {{NS2 Project}},
	urldate = {2016},
  year = {2016}
}


@article{Mart2009,
  doi = {10.1016/j.jnca.2009.05.006},
  year  = {2009},
  month = nov,
  publisher = {Elsevier {BV}},
  volume = {32},
  number = {6},
  pages = {1167--1182},
  author = {R. Martí and S. Robles and A. Martín-Campillo and J. Cucurull},
  title = {Providing early resource allocation during emergencies: The mobile triage tag},
  journal = {Journal of Network and Computer Applications}
}


//Esta es una mejora a DBLP:conf/msn/BegerowKSS14
@inproceedings{Begerow2015,
  author    = {Peggy Begerow and
               Silvia Krug and
               Sebastian Schellenberg and
               Jochen Seitz},
  title     = {Robust reliability-aware buffer management for {DTN} multicast in
               disaster scenarios},
  booktitle = {Proceedings of the 7th International Workshop on Reliable Networks Design and Modeling,
               {RNDM} 2015, Munich, Germany, October 5-7, 2015},
  pages     = {274--280},
  year      = {2015},
  crossref  = {DBLP:conf/mwcn/2015rndm},
  doi       = {10.1109/RNDM.2015.7325240},
  timestamp = {Sat, 23 Apr 2016 20:06:59 +0200},
  biburl    = {http://dblp.uni-trier.de/rec/bib/conf/mwcn/BegerowKSS15},
  bibsource = {dblp computer science bibliography, http://dblp.org}
}




@inproceedings{DBLP:conf/msn/BegerowKSS14,
  author    = {Peggy Begerow and
               Silvia Krug and
               Sebastian Schellenberg and
               Jochen Seitz},
  title     = {Buffer Management for Reliable Multicast over Delay Tolerant Networks},
  booktitle = {Proceedings of the 10th International Conference on Mobile Ad-hoc and Sensor Networks,
                2014, Maui, HI, USA, December 19-21, 2014},
  pages     = {171--178},
  year      = {2014},
  crossref  = {DBLP:conf/msn/2014},
  doi       = {10.1109/MSN.2014.30},
  timestamp = {Mon, 09 May 2016 12:47:39 +0200},
  biburl    = {http://dblp.dagstuhl.de/rec/bib/conf/msn/BegerowKSS14},
  bibsource = {dblp computer science bibliography, http://dblp.org}
}





@article{MANETs,
  author    = {Imrich Chlamtac and
               Marco Conti and
               Jennifer J.{-}N. Liu},
  title     = {Mobile ad hoc networking: imperatives and challenges},
  journal   = {Ad Hoc Networks},
  volume    = {1},
  number    = {1},
  pages     = {13--64},
  year      = {2003},
  doi       = {10.1016/S1570-8705(03)00013-1},
  timestamp = {Thu, 14 Jul 2005 16:12:42 +0200},
  biburl    = {http://dblp.dagstuhl.de/rec/bib/journals/adhoc/ChlamtacCL03},
  bibsource = {dblp computer science bibliography, http://dblp.org}
}


@article{survey,
  author    = {Erika Rosas and
               Nicolas Hidalgo and
               Veronica Gil Costa and
               Carolina Bonacic and
               Mauricio Marín and
               Hermes Senger and
               Luciana Arantes and
               Cesar A. C. Marcondes and
               Olivier Marin},
  title     = {Survey on Simulation for Mobile Ad-Hoc Communication for Disaster
               Scenarios},
  journal   = {Journal of Computer Science and Technology},
  volume    = {31},
  number    = {2},
  pages     = {326--349},
  year      = {2016},
  doi       = {10.1007/s11390-016-1630-x},
  timestamp = {Wed, 16 Mar 2016 15:55:36 +0100},
  biburl    = {http://dblp.dagstuhl.de/rec/bib/journals/jcst/RosasHCBMSAMM16},
  bibsource = {dblp computer science bibliography, http://dblp.org}
}


@article{WMNs,
  author = { Raffaele Bruno and Marco Conti and Enrico Gregori},
  title = {Mesh networks: commodity multihop ad hoc networks},
  journal = {IEEE Communications Magazine},
  volume = {43},
  pages = {123-131},
  publisher = {{IEEE}},
  year = {2005}
}

@article{VANETs,
  author    = {Yun{-}Wei Lin and
               Yuh{-}Shyan Chen and
               Sing{-}Ling Lee},
  title     = {Routing Protocols in Vehicular Ad Hoc Networks: {A} Survey and Future
               Perspectives},
  journal   = {Journal of Information Science and Engineering},
  volume    = {26},
  number    = {3},
  pages     = {913--932},
  year      = {2010},
  timestamp = {Wed, 26 Jan 2011 20:18:55 +0100},
  biburl    = {http://dblp.dagstuhl.de/rec/bib/journals/jise/LinCL10},
  bibsource = {dblp computer science bibliography, http://dblp.org}
}


@article{WSNs,
  author    = {Jennifer Yick and
               Biswanath Mukherjee and
               Dipak Ghosal},
  title     = {Wireless sensor network survey},
  journal   = {Computer Networks},
  volume    = {52},
  number    = {12},
  pages     = {2292--2330},
  year      = {2008},
  doi       = {10.1016/j.comnet.2008.04.002},
  timestamp = {Tue, 18 Nov 2008 15:28:15 +0100},
  biburl    = {http://dblp.dagstuhl.de/rec/bib/journals/cn/YickMG08},
  bibsource = {dblp computer science bibliography, http://dblp.org}
}


@inproceedings{Shinko2015,
  doi = {10.1109/bwcca.2015.60},
  year  = {2015},
  month = nov,
  publisher = {{IEEE}},
  author = {Ilir Shinko and Tetsuya Oda and Evjola Spaho and Vladi Kolici and Makoto Ikeda and Leonard Barolli},
  title = {A Simulation System Based on {ONE} and {SUMO} Simulators: Performance Evaluation of First Contact,  Prophet and Spray-and-Wait {DTN} Protocols},
  booktitle = {2015 10th International Conference on Broadband and Wireless Computing,  Communication and Applications ({BWCCA})}
}



@inproceedings{Kawamoto2015,
  author    = {Miho Kawamoto and
               Tetsuya Shigeyasu},
  title     = {Message Relay Decision Algorithm to Improve Message Delivery Ratio
               in DTN-Based Wireless Disaster Information Systems},
  booktitle = {Proceedings of the 29th {IEEE} International Conference on Advanced Information Networking
               and Applications, {AINA} 2015, Gwangju, South Korea, March 24-27,
               2015},
  pages     = {822--828},
  year      = {2015},
  crossref  = {DBLP:conf/aina/2015},
  doi       = {10.1109/AINA.2015.275},
  timestamp = {Wed, 27 Apr 2016 17:41:15 +0200},
  biburl    = {http://dblp.uni-trier.de/rec/bib/conf/aina/KawamotoS15},
  bibsource = {dblp computer science bibliography, http://dblp.org}
}




@article{Yamashita2015,
  doi = {10.3390/fi7020152},
  year  = {2015},
  month = may,
  publisher = {{MDPI} {AG}},
  volume = {7},
  number = {2},
  pages = {152--169},
  author = {Ryoma Yamashita and Kazumasa Takami},
  title = {Receiver-Triggered Handshake Protocol for {DTN} in Disaster Area},
  journal = {Future Internet}
}


@article{Gupta2015,
  doi = {10.1007/s11276-015-0994-0},
  year  = {2015},
  month = jun,
  publisher = {Springer Science $\mathplus$ Business Media},
  volume = {22},
  number = {3},
  pages = {723--740},
  author = {Amit Kumar Gupta and Indrajit Bhattacharya and Partha Sarathi Banerjee and Jyotsna Kumar Mandal and Animesh Mukherjee},
  title = {{DirMove}: direction of movement based routing in {DTN} architecture for post-disaster scenario},
  journal = {Wireless Netw}
}


@article{ebr,
  author    = {Samuel C. Nelson and
               Mehedi Bakht and
               Robin Kravets and
               Albert F. Harris III},
  title     = {Encounter: based routing in DTNs},
  journal   = {Mobile Computing and Communications Review},
  volume    = {13},
  number    = {1},
  pages     = {56--59},
  year      = {2009},
  doi       = {10.1145/1558590.1558602},
  timestamp = {Sat, 02 Jan 2010 20:46:53 +0100},
  biburl    = {http://dblp.dagstuhl.de/rec/bib/journals/sigmobile/NelsonBKH09},
  bibsource = {dblp computer science bibliography, http://dblp.org}
}

@inproceedings{rapid,
  doi = {10.1145/1282380.1282422},
  year  = {2007},
  publisher = {{ACM}},
  author = {Aruna Balasubramanian and Brian Levine and Arun Venkataramani},
  title = {{DTN} routing as a resource allocation problem},
  booktitle = {Proceedings of the 2007 conference on Applications, technologies, architectures, and protocols for computer communications}
}

@inproceedings{Basu2016,
  author    = {Souvik Basu and
               Siuli Roy and
               DasBit Sipra and
               Somprakash Bandyopadhyay},
  title     = {A human mobility based knowledge sharing approach for post disaster
               need assessment using {DTN}},
  booktitle = {Proceedings of the 17th International Conference on Distributed Computing
               and Networking, Singapore, January 4-7, 2016},
  pages     = {34:1--34:4},
  year      = {2016},
  crossref  = {DBLP:conf/icdcn/2016},
  doi       = {10.1145/2833312.2833461},
  timestamp = {Thu, 07 Apr 2016 11:59:15 +0200},
  biburl    = {http://dblp.uni-trier.de/rec/bib/conf/icdcn/BasuRSB16},
  bibsource = {dblp computer science bibliography, http://dblp.org}
}



@inproceedings{Bhattacharjee2016,
  author    = {Suman Bhattacharjee and
               Souvik Basu and
               Siuli Roy and
               Sipra Das Bit},
  title     = {Best-effort delivery of emergency messages in post-disaster scenario
               with content-based filtering and Priority-enhanced PRoPHET over {DTN}},
  booktitle = {Proceedings of the 8th International Conference on Communication Systems and Networks,
               {COMSNETS} 2016, Bangalore, India, January 5-10, 2016},
  pages     = {1--7},
  year      = {2016},
  crossref  = {DBLP:conf/comsnets/2016},
  doi       = {10.1109/COMSNETS.2016.7439936},
  timestamp = {Wed, 30 Mar 2016 17:38:05 +0200},
  biburl    = {http://dblp.uni-trier.de/rec/bib/conf/comsnets/BhattacharjeeBR16},
  bibsource = {dblp computer science bibliography, http://dblp.org}
}



@article{Bhattacharjee2014,
  doi = {10.1007/s11276-014-0836-5},
  year  = {2014},
  month = oct,
  publisher = {Springer Science $\mathplus$ Business Media},
  volume = {21},
  number = {3},
  pages = {1033--1046},
  author = {Suman Bhattacharjee and Siuli Roy and Somprakash Bandyopadhyay},
  title = {Exploring an energy-efficient {DTN} framework supporting disaster management services in post disaster relief operation},
  journal = {Wireless Netw}
}




@inproceedings{Raffelsberger2013,
  author    = {Christian Raffelsberger and
               Hermann Hellwagner},
  title     = {A hybrid {MANET-DTN} routing scheme for emergency response scenarios},
  booktitle = {Proceedings of the 2013 {IEEE} International Conference on Pervasive Computing and Communications
               Workshops, {PERCOM} 2013 Workshops, San Diego, CA, USA, March 18-22,
               2013},
  pages     = {505--510},
  year      = {2013},
  crossref  = {DBLP:conf/percom/2013w},
  doi       = {10.1109/PerComW.2013.6529549},
  timestamp = {Tue, 16 Jul 2013 21:19:33 +0200},
  biburl    = {http://dblp.uni-trier.de/rec/bib/conf/percom/RaffelsbergerH13},
  bibsource = {dblp computer science bibliography, http://dblp.org}
}




@inproceedings{DBLP:conf/monami/MenegazzoSA15,
  author    = {Cinara Menegazzo and
               Eduardo Spinosa and
               Luiz Carlos P. Albini},
  title     = {A Context-Aware Method Decoupled from Protocol for Adapting Routing
               Process in {DTN}},
  booktitle = {Mobile Networks and Management - 7th International Conference,
               2015, Santander, Spain, September 16-18, 2015, Revised Selected Papers},
  pages     = {137--149},
  year      = {2015},
  crossref  = {DBLP:conf/monami/2015},
  doi       = {10.1007/978-3-319-26925-2_11},
  timestamp = {Mon, 11 Jan 2016 14:14:29 +0100},
  biburl    = {http://dblp.dagstuhl.de/rec/bib/conf/monami/MenegazzoSA15},
  bibsource = {dblp computer science bibliography, http://dblp.org}
}




@article{DBLP:journals/jnca/BoldriniCDP10,
  author    = {Chiara Boldrini and
               Marco Conti and
               Franca Delmastro and
               Andrea Passarella},
  title     = {Context- and social-aware middleware for opportunistic networks},
  journal   = {J. Network and Computer Applications},
  volume    = {33},
  number    = {5},
  pages     = {525--541},
  year      = {2010},
  doi       = {10.1016/j.jnca.2010.03.017},
  timestamp = {Thu, 25 Nov 2010 14:49:40 +0100},
  biburl    = {http://dblp.dagstuhl.de/rec/bib/journals/jnca/BoldriniCDP10},
  bibsource = {dblp computer science bibliography, http://dblp.org}
}



@inproceedings{DBLP:conf/mswim/LakkakorpiPO10,
  author    = {Jani Lakkakorpi and
               Mikko Pitk{\"{a}}nen and
               J{\"{o}}rg Ott},
  title     = {Adaptive routing in mobile opportunistic networks},
  booktitle = {Proceedings of the 13th International Symposium on Modeling Analysis
               and Simulation of Wireless and Mobile Systems, MSWiM 2010, Bodrum,
               Turkey, October 17-21, 2010},
  pages     = {101--109},
  year      = {2010},
  crossref  = {DBLP:conf/mswim/2010},
  doi       = {10.1145/1868521.1868539},
  timestamp = {Mon, 13 Jun 2011 13:35:55 +0200},
  biburl    = {http://dblp.dagstuhl.de/rec/bib/conf/mswim/LakkakorpiPO10},
  bibsource = {dblp computer science bibliography, http://dblp.org}
}

@article{CollPerales2016,
  doi = {10.1016/j.adhoc.2015.09.004},
  year  = {2016},
  month = feb,
  publisher = {Elsevier {BV}},
  volume = {37},
  pages = {418--434},
  author = {B. Coll-Perales and J. Gozalvez and V. Friderikos},
  title = {Context-aware opportunistic networking in multi-hop cellular networks},
  journal = {Ad Hoc Networks}
}


@article{DBLP:journals/ijwin/OliveiraSPNMMA16,
  author    = {Etienne C. R. de Oliveira and
               Edelberto F. Silva and
               Diego G. Passos and
               Juliano Fischer Naves and
               D{\'{e}}bora Christina Muchaluat{-}Saade and
               Igor M. Moraes and
               C{\'{e}}lio Albuquerque},
  title     = {Context-Aware Routing in Delay and Disruption Tolerant Networks},
  journal   = {International Journal of Wireless Information Networks},
  volume    = {23},
  number    = {3},
  pages     = {231--245},
  year      = {2016},
  doi       = {10.1007/s10776-016-0315-2},
  timestamp = {Fri, 05 Aug 2016 13:29:32 +0200},
  biburl    = {http://dblp.dagstuhl.de/rec/bib/journals/ijwin/OliveiraSPNMMA16},
  bibsource = {dblp computer science bibliography, http://dblp.org}
}


@online{osm2wkt,
  author = {Christoph P. Mayer},
  title = {osm2wkt - OpenStreetMap to WKT Conversion},
  howpublished = {http://www.chrismc.de/osm2wkt},
  year = {2010},
  url = {http://www.chrismc.de/osm2wkt/},
  urldate = {2016}
}


@article{DBLP:journals/tmc/MusolesiM09,
  author    = {Mirco Musolesi and
               Cecilia Mascolo},
  title     = {{CAR:} Context-Aware Adaptive Routing for Delay-Tolerant Mobile Networks},
  journal   = {{IEEE} Transactions on Mobile Computing},
  volume    = {8},
  number    = {2},
  pages     = {246--260},
  year      = {2009},
  doi       = {10.1109/TMC.2008.107},
  timestamp = {Fri, 04 Mar 2016 09:26:37 +0100},
  biburl    = {http://dblp.dagstuhl.de/rec/bib/journals/tmc/MusolesiM09},
  bibsource = {dblp computer science bibliography, http://dblp.org}
}

@inproceedings{DBLP:conf/icc/ChungCL12,
  author    = {Kun{-}Cheng Chung and
               Yi{-}Chun Chou and
               Wanjiun Liao},
  title     = {{CAOR:} Coding-aware opportunistic routing in wireless ad hoc networks},
  booktitle = {Proceedings of {IEEE} International Conference on Communications,
                2012, Ottawa, ON, Canada, June 10-15, 2012},
  pages     = {136--140},
  year      = {2012},
  crossref  = {DBLP:conf/icc/2012},
  doi       = {10.1109/ICC.2012.6364183},
  timestamp = {Thu, 06 Dec 2012 12:25:59 +0100},
  biburl    = {http://dblp.dagstuhl.de/rec/bib/conf/icc/ChungCL12},
  bibsource = {dblp computer science bibliography, http://dblp.org}
}


@article{Gondaliya2015,
  doi = {10.5120/21643-4979},
  year  = {2015},
  month = jul,
  publisher = {Foundation of Computer Science},
  volume = {121},
  number = {18},
  pages = {39--44},
  author = {Nikhil Gondaliya and Shital N Gondaliya},
  title = {Evaluation of {DTN} Routing Protocols in Post Disaster Scenario},
  journal = {International Journal of Computer Applications}
}



@inproceedings{Nelson2007,
  author    = {Samuel C. Nelson and
               Albert F. Harris III and
               Robin Kravets},
  title     = {Event-driven, role-based mobility in disaster recovery networks},
  booktitle = {Proceedings of the Second Workshop on Challenged Networks, {CHANTS}
               2007, Montr{\'{e}}al, Qu{\'{e}}bec, Canada, September 14,
               2007},
  pages     = {27--34},
  year      = {2007},
  crossref  = {DBLP:conf/mobicom/2007chants},
  doi       = {10.1145/1287791.1287798},
  timestamp = {Fri, 21 Dec 2007 14:34:14 +0100},
  biburl    = {http://dblp.uni-trier.de/rec/bib/conf/mobicom/NelsonHK07},
  bibsource = {dblp computer science bibliography, http://dblp.org}
}




//Urls que no son parte del estado del arte

@online{open_street_map,
	title = {OpenStreetMap},
	author = {{Colaboradores de OpenStreetMap}},
	urldate = {2016},
  year = 2016,
  url = {https://www.openstreetmap.org/#map=15/-33.0380/-71.6179}
}

@online{open_jump,
	title = {OpenJump},
	author = {{JPP}},
	urldate = {2016},
  year = 2011,
  url = {http://www.openjump.org/}
}


@misc{osm2wtk,
  author = {Christoph P. Mayer},
  title = {osm2wkt - OpenStreetMap to WKT Conversion},
  howpublished = {http://www.chrismc.de/osm2wkt},
  year = {2010}
}

@online{java_mission_control,
	title = {{Java Mission Control}},
	author = {{Oracle}},
	urldate = {2016},
  year = 2016,
  url = {http://www.oracle.com/technetwork/java/javaseproducts/mission-control/java-mission-control-1998576.html}
}

@article{Dijkstra1959,
  doi = {10.1007/bf01386390},
  year  = {1959},
  month = {dec},
  publisher = {Springer Nature},
  volume = {1},
  number = {1},
  pages = {269--271},
  author = {E. W. Dijkstra},
  title = {A note on two problems in connexion with graphs},
  journaltitle = {Numerische Mathematik}
}



@article{DBLP:journals/ejwcn/AbbasI15,
  author    = {Nihad Abbas and
               Mustafa Ilkan},
  title     = {Fuzzy approach to improving route stability of the {AODV} routing
               protocol},
  journal   = {{EURASIP} J. Wireless Comm. and Networking},
  volume    = {2015},
  pages     = {235},
  year      = {2015},
  doi       = {10.1186/s13638-015-0464-5},
  timestamp = {Wed, 20 Jan 2016 19:18:46 +0100},
  biburl    = {http://dblp.uni-trier.de/rec/bib/journals/ejwcn/AbbasI15},
  bibsource = {dblp computer science bibliography, http://dblp.org}
}



@techreport{RFC3561,
  author = {C. Perkins and E. Belding-Royer},
  title = {Ad hoc On-Demand Distance Vector (AODV) Routing},
  howpublished = {Internet Requests for Comments},
  type = {RFC},
  number = {3561},
  year = {2003},
  publisher = {RFC Editor},
  institution = {RFC Editor},
  note = {\url{http://www.rfc-editor.org/rfc/rfc3561.txt}},
}



@article{DBLP:journals/ijcomsys/JainCSR16,
  author    = {Sweta Jain and
               Meenu Chawla and
               Vasco N. G. J. Soares and
               Joel J. P. C. Rodrigues},
  title     = {Enhanced fuzzy logic-based spray and wait routing protocol for delay
               tolerant networks},
  journal   = {Int. J. Communication Systems},
  volume    = {29},
  number    = {12},
  pages     = {1820--1843},
  year      = {2016},
  doi       = {10.1002/dac.2796},
  timestamp = {Fri, 29 Jul 2016 09:46:48 +0200},
  biburl    = {http://dblp.uni-trier.de/rec/bib/journals/ijcomsys/JainCSR16},
  bibsource = {dblp computer science bibliography, http://dblp.org}
}


@article{DBLP:journals/winet/SabeethaKWO15,
  author    = {K. Sabeetha and
               A. Vincent Antony Kumar and
               R. S. D. Wahidabanu and
               W. A. M. Othman},
  title     = {Encounter based fuzzy logic routing in delay tolerant networks},
  journal   = {Wireless Networks},
  volume    = {21},
  number    = {1},
  pages     = {173--185},
  year      = {2015},
  doi       = {10.1007/s11276-014-0780-4},
  timestamp = {Fri, 09 Jan 2015 13:31:14 +0100},
  biburl    = {http://dblp.uni-trier.de/rec/bib/journals/winet/SabeethaKWO15},
  bibsource = {dblp computer science bibliography, http://dblp.org}
}


@article{DBLP:journals/ijflis/CabacasR14,
  author    = {Regin Cabacas and
               In{-}ho Ra},
  title     = {{CMP:} {A} Context Information-based Routing Scheme with Energy-based
               Message Prioritization for Delay Tolerant Networks},
  journal   = {Int. J. Fuzzy Logic and Intelligent Systems},
  volume    = {14},
  number    = {4},
  pages     = {295--304},
  year      = {2014},
  doi       = {10.5391/IJFIS.2014.14.4.295},
  timestamp = {Tue, 24 Feb 2015 08:07:28 +0100},
  biburl    = {http://dblp.uni-trier.de/rec/bib/journals/ijflis/CabacasR14},
  bibsource = {dblp computer science bibliography, http://dblp.org}
}


@inproceedings{DBLP:conf/grc/HuangSLHYCC09,
  author    = {Chenn{-}Jung Huang and
               Hung{-}Yen Shen and
               Jia{-}Jian Liao and
               Kai{-}Wen Hu and
               Dian{-}Xiu Yang and
               Chun{-}Hua Chen and
               Yi{-}Ta Chuang},
  title     = {A fuzzy logic-based routing for Delay-Tolerant heterogeneous Networks},
  eventtitle = {2009 {IEEE} International Conference on Granular Computing, GrC
               2009, Lushan Mountain, Nanchang, China, 17-19 August 2009},
  pages     = {254--259},
  year      = {2009},
  crossref  = {DBLP:conf/grc/2009},
  doi       = {10.1109/GRC.2009.5255119},
  timestamp = {Wed, 25 May 2016 10:36:09 +0200},
  biburl    = {http://dblp.uni-trier.de/rec/bib/conf/grc/HuangSLHYCC09},
  bibsource = {dblp computer science bibliography, http://dblp.org}
}




@online{evacuacion_valpo,
	title = {Mapa de zonas seguras Valparaíso},
	url = {http://www.onemi.cl/wp-content/uploads/2016/10/Valparaiso-Laguna-Verde.pdf},
	author = {{ONEMI}},
	urldate = {2016},
	date = {2016},
  year = 2016,
}


@article{DBLP:journals/ijmms/MamdaniA75,
  author    = {E. H. Mamdani and
               S. Assilian},
  title     = {An Experiment in Linguistic Synthesis with a Fuzzy Logic Controller},
  journal   = {International Journal of Man-Machine Studies},
  volume    = {7},
  number    = {1},
  pages     = {1--13},
  year      = {1975},
  doi       = {10.1016/S0020-7373(75)80002-2},
  timestamp = {Mon, 27 Jun 2011 17:48:25 +0200},
  biburl    = {http://dblp.uni-trier.de/rec/bib/journals/ijmms/MamdaniA75},
  bibsource = {dblp computer science bibliography, http://dblp.org}
}


%% Este es el que define el coeficiente de clustering
@article{Watts1998,
  year  = {1998},
  month = {jun},
  publisher = {Springer Nature},
  volume = {393},
  number = {6684},
  pages = {440--442},
  author = {Duncan J. Watts and Steven H. Strogatz},
  journal = {Nature},
  title = {Collective dynamics of small-world networks}
}

@online{manual_cat,
	title = {Manual de Operaciones del Centro de Alerta Temprana},
	author = {{Oficina Nacional de Emergencia}},
	date = {2006},
	urldate = {2016},
  url = {http://repositoriodigitalonemi.cl/web/handle/2012/63}
}



@online{curvas_nivel,
	title = {Carta de inundación por tsunami de Valparaíso-Viña del Mar},
	author = {{Servicio Hidrográfico y Oceanográfico de la Armada de Chile}},
	date = {2012},
	urldate = {2016},
  url = {http://www.shoa.cl/servicios/citsu/pdf/citsu_valparaiso_vinna.pdf}
}


@online{guia_referencia_onemi,
	title = {Guía de referencia para sistemas comunales de evacuación por tsunami},
	author = {{Oficina Nacional de Emergencia}},
	date = {2016},
	urldate = {2016},
  url = {http://repositoriodigitalonemi.cl/web/handle/2012/1766}
}



@online{velocidad,
	title = {Conducir en Chile},
	author = {{ContactChile}},
	date = {2016},
	urldate = {2016},
  url = {http://www.contactchile.cl/es/viajar/conducir-en-chile.html}
}



% Seguridad


@article{DBLP:journals/ieeesp/HuP04,
  author    = {Yih{-}Chun Hu and
               Adrian Perrig},
  title     = {A Survey of Secure Wireless Ad Hoc Routing},
  journal   = {{IEEE} Security {\&} Privacy},
  volume    = {2},
  number    = {3},
  pages     = {28--39},
  year      = {2004},
  doi       = {10.1109/MSP.2004.1},
  timestamp = {Wed, 09 Mar 2016 14:51:01 +0100},
  biburl    = {http://dblp.uni-trier.de/rec/bib/journals/ieeesp/HuP04},
  bibsource = {dblp computer science bibliography, http://dblp.org}
}


@book{pki,
 author = {Adams, Carlisle and Lloyd, Steve},
 title = {Understanding PKI: Concepts, Standards, and Deployment Considerations},
 year = {2002},
 isbn = {0672323915},
 edition = {2nd},
 publisher = {Addison-Wesley Longman Publishing Co., Inc.},
 address = {Boston, MA, USA},
} 



@inproceedings{DBLP:conf/securecomm/KateZH07,
  author    = {Aniket Kate and
               Gregory M. Zaverucha and
               Urs Hengartner},
  title     = {Anonymity and security in delay tolerant networks},
  booktitle = {Proceedings of the Third International Conference on Security and Privacy in Communication
               Networks and the Workshops, 2007, Nice, France, 17-21 September,
               2007},
  pages     = {504--513},
  year      = {2007},
  crossref  = {DBLP:conf/securecomm/2007},
  doi       = {10.1109/SECCOM.2007.4550373},
  timestamp = {Tue, 24 Mar 2015 18:02:51 +0100},
  biburl    = {http://dblp.uni-trier.de/rec/bib/conf/securecomm/KateZH07},
  bibsource = {dblp computer science bibliography, http://dblp.org}
}


@inproceedings{DBLP:conf/psats/JohnsonCS12,
  author    = {Enyenihi Johnson and
               Haitham S. Cruickshank and
               Zhili Sun},
  title     = {Providing Authentication in Delay/Disruption Tolerant Networking {(DTN)}
               Environment},
  booktitle = {Proceedings of the 4th International Conference on Personal Satellite Services, 2012, Bradford, UK, March 22-23, 2012. Revised Selected Papers},
  pages     = {189--196},
  year      = {2012},
  crossref  = {DBLP:conf/psats/2012},
  doi       = {10.1007/978-3-642-36787-8_23},
  timestamp = {Fri, 13 Mar 2015 14:05:56 +0100},
  biburl    = {http://dblp.uni-trier.de/rec/bib/conf/psats/JohnsonCS12},
  bibsource = {dblp computer science bibliography, http://dblp.org}
}



@inproceedings{DBLP:conf/infocom/LiWS09,
  author    = {Feng Li and
               Jie Wu and
               Anand Srinivasan},
  title     = {Thwarting Blackhole Attacks in Disruption-Tolerant Networks using
               Encounter Tickets},
  booktitle = {Proceedings of the 28th {IEEE} International Conference on Computer Communications,
               Joint Conference of the {IEEE} Computer and Communications Societies,
               19-25 April 2009, Rio de Janeiro, Brazil},
  pages     = {2428--2436},
  year      = {2009},
  crossref  = {DBLP:conf/infocom/2009},
  doi       = {10.1109/INFCOM.2009.5062170},
  timestamp = {Mon, 26 Jan 2015 16:54:50 +0100},
  biburl    = {http://dblp.uni-trier.de/rec/bib/conf/infocom/LiWS09},
  bibsource = {dblp computer science bibliography, http://dblp.org}
}



@inproceedings{Li:2010:RRD:1755743.1755746,
 author = {Li, Na and Das, Sajal K.},
 title = {RADON: Reputation-assisted Data Forwarding in Opportunistic Networks},
 booktitle = {Proceedings of the Second International Workshop on Mobile Opportunistic Networking},
 series = {MobiOpp '10},
 year = {2010},
 isbn = {978-1-60558-925-1},
 location = {Pisa, Italy},
 pages = {8--14},
 numpages = {7},
 doi = {10.1145/1755743.1755746},
 acmid = {1755746},
 publisher = {ACM},
 address = {New York, NY, USA},
 keywords = {black hole attack, data forwarding, opportunistic networks, reputation},
} 


@inproceedings{DBLP:conf/sacrypt/WeimerskirchW03,
  author    = {Andr{\'{e}} Weimerskirch and
               Dirk Westhoff},
  title     = {Zero Common-Knowledge Authentication for Pervasive Networks},
  booktitle = {Proceedings of the 10th Annual International Workshop,
               2003, Ottawa, Canada, August 14-15, Revised Papers},
  pages     = {73--87},
  year      = {2003},
  crossref  = {DBLP:conf/sacrypt/2003},
  doi       = {10.1007/978-3-540-24654-1_6},
  timestamp = {Wed, 06 Jul 2011 21:23:11 +0200},
  biburl    = {http://dblp.uni-trier.de/rec/bib/conf/sacrypt/WeimerskirchW03},
  bibsource = {dblp computer science bibliography, http://dblp.org}
}


@article{DBLP:journals/iacr/LucksZWW09,
  author    = {Stefan Lucks and
               Erik Zenner and
               Andr{\'{e}} Weimerskirch and
               Dirk Westhoff},
  title     = {Concrete Security for Entity Recognition: The Jane Doe Protocol (Full
               Paper)},
  journal   = {{IACR} Cryptology ePrint Archive},
  volume    = {2009},
  pages     = {175},
  year      = {2009},
  url       = {http://eprint.iacr.org/2009/175},
  timestamp = {Mon, 05 Dec 2011 18:05:45 +0100},
  biburl    = {http://dblp.uni-trier.de/rec/bib/journals/iacr/LucksZWW09},
  bibsource = {dblp computer science bibliography, http://dblp.org}
}



@article{DBLP:journals/sigops/AndersonBCLMN98,
  author    = {Ross J. Anderson and
               Francesco Bergadano and
               Bruno Crispo and
               Jong{-}Hyeon Lee and
               Charalampos Manifavas and
               Roger M. Needham},
  title     = {A New Family of Authentication Protocols},
  journal   = {Operating Systems Review},
  volume    = {32},
  number    = {4},
  pages     = {9--20},
  year      = {1998},
  url       = {http://doi.acm.org/10.1145/302350.302353},
  doi       = {10.1145/302350.302353},
  timestamp = {Sat, 09 Jan 2010 22:07:42 +0100},
  biburl    = {http://dblp.uni-trier.de/rec/bib/journals/sigops/AndersonBCLMN98},
  bibsource = {dblp computer science bibliography, http://dblp.org}
}



@inproceedings{DBLP:conf/spw/BonneauM14,
  author    = {Joseph Bonneau and
               Andrew Miller},
  title     = {Fawkescoin - {A} Cryptocurrency Without Public-Key Cryptography},
  booktitle = {Proceedings of the 22nd International Workshop Cambridge,
               UK, March 19-21, 2014 Revised Selected Papers},
  pages     = {350--358},
  year      = {2014},
  crossref  = {DBLP:conf/spw/2014},
  doi       = {10.1007/978-3-319-12400-1_35},
  timestamp = {Mon, 03 Nov 2014 15:11:46 +0100},
  biburl    = {http://dblp.uni-trier.de/rec/bib/conf/spw/BonneauM14},
  bibsource = {dblp computer science bibliography, http://dblp.org}
}


@book{Caelli:1991:ISH:129024,
 author = {Caelli, William and Longley, Dennis and Shain, Michael},
 title = {Information Security Handbook},
 year = {1991},
 isbn = {1-56159-018-5},
 publisher = {Stockton Press},
 address = {New York, NY, USA},
} 


@book{DuBois:1997:FSS:550526,
 author = {DuBois, Didier},
 title = {Fuzzy Sets and Systems: Theory and Applications},
 year = {1997},
 isbn = {0122227506},
 publisher = {Academic Press, Inc.},
 address = {Orlando, FL, USA},
} 



@misc { estadistica,
  author = {Ellen Marshall and Elizabeth Boggis},
  title = {The Statistics Tutor's},
  year = {2016},
  url = {http://www.statstutor.ac.uk/resources/uploaded/tutorsquickguidetostatisticsprint2uppamphlet.pdf}
}


@book{tests,
  title =     {100 Statistical Tests},
  author =    {Gopal K Kanji},
  publisher = {Sage Publications Ltd},
  isbn =      {1412923751,9781412923750},
  year =      {2006},
  series =    {},
  edition =   {3rd},
  volume =    {}
  }


@article{Wasserstein2016,
  year  = {2016},
  month = {apr},
  publisher = {Informa {UK} Limited},
  volume = {70},
  number = {2},
  pages = {129--133},
  author = {Ronald L. Wasserstein and Nicole A. Lazar},
  title = {The {ASA}{\textquotesingle}s Statement onp-Values: Context,  Process,  and Purpose},
  journal = {The American Statistician}
}


@book{ biostatsbook,
  author = {John H. McDonald},
  title = {Handbook of Biological Statistics},
  edition = {3rd},
  publisher = {Sparky House Publishing},
  year = {2014}
}



@inproceedings{DBLP:conf/esa/BonomiMPSV06,
  author    = {Flavio Bonomi and
               Michael Mitzenmacher and
               Rina Panigrahy and
               Sushil Singh and
               George Varghese},
  title     = {An Improved Construction for Counting Bloom Filters},
  booktitle = {Proceedings of the 14th Annual European Symposium, Zurich, Switzerland,
               September 11-13, 2006},
  pages     = {684--695},
  year      = {2006},
  crossref  = {DBLP:conf/esa/2006},
}
